<?xml version="1.0" encoding="UTF-8"?><collection xmlns="http://www.loc.gov/MARC21/slim"><record><leader>00570nam--2200169-u-4500</leader><controlfield tag="001">000054950</controlfield><controlfield tag="002">20161230</controlfield><controlfield tag="005">20161230201051</controlfield><controlfield tag="008">120711s1000------------r-----000-0-eng-d</controlfield><datafield ind1=" " ind2=" " tag="040"><subfield code="a">IFIN-HH</subfield></datafield><datafield ind1=" " ind2=" " tag="080"><subfield code="a">539.183.3:538.915:546.3(075.9)</subfield></datafield><datafield ind1="1" ind2=" " tag="110"><subfield code="a">American Society For Metals</subfield></datafield><datafield ind1="1" ind2="0" tag="245"><subfield code="a">Atomic and electronic structure of metals</subfield><subfield code="b">Papers presented at a seminar of the american society for metals october 29 and 30, 1966</subfield></datafield><datafield ind1=" " ind2=" " tag="260"><subfield code="a">Metals Park, Ohio</subfield><subfield code="b">American Society For Metals</subfield><subfield code="c">1967</subfield></datafield><datafield ind1=" " ind2=" " tag="300"><subfield code="a">259P</subfield></datafield><datafield ind1=" " ind2=" " tag="852"><subfield code="a">75163</subfield><subfield code="c">539.18</subfield></datafield><datafield ind1=" " ind2=" " tag="CAT"><subfield code="a">Sys</subfield><subfield code="c">20120711</subfield><subfield code="h">121550</subfield></datafield></record></collection>